@article{silva2017gestion,
  title={Metodolog√≠a de Kimballl},
  author={Silva, Erlinda Elisabeth Jim{\'e}nez and Cerda, Luis Alfonso Lema and Altamirano, Janeth Fernanda Larrea},
  journal={Revista Publicando},
  volume={4},
  number={12 (2)},
  pages={640--657},
  year={2017}
}

@article{rivadera2010metodologia,
  title={La metodolog{\'\i}a de Kimball para el dise{\~n}o de almacenes de datos (Data warehouses)},
  author={Rivadera, Gustavo},
  journal={Universidad Catolica de Salta},
  pages={56--71},
  year={2010}
}

@article{leonard2013metodologias,
  title={Metodolog{\'\i}as para desarrollar Almac{\'e}n de Datos.},
  author={Leonard Brizuela, Eric Ismael and Castro Blanco, Yudi},
  journal={Revista de arquitectura e Ingenier{\'\i}a},
  volume={7},
  number={3},
  year={2013},
  publisher={Empresa de Proyectos de Arquitectura e Ingenier{\'\i}a de Matanzas}
}